@techreport{odersky2004overview,
  title={An overview of the Scala programming language},
  author={Odersky, Martin and Altherr, Philippe and Cremet, Vincent and Emir, Burak and Maneth, Sebastian and Micheloud, St{\'e}phane and Mihaylov, Nikolay and Schinz, Michel and Stenman, Erik and Zenger, Matthias},
  year={2004}
}

@BOOK{Andrews86,
  title = {An Introduction to Mathematical Logic and Type Theory: To Truth through
	Proof},
  publisher = {Academic Press, Inc.},
  year = {1986},
  author = {Peter B. Andrews},
  annote = {Tenho fotocopias}
}

@Book{MacLane:cwm,
  author = 	 {Saunders Mac Lane},
  title = 	 {Categories for the Working Mathematician},
  publisher = 	 {Springer},
  year = 	 {1998},
  number = 	 {5},
  series = 	 {Graduate Texts in Mathematics},
  edition = 	 {2},
}

@misc{king2013ceylon,
  title={The Ceylon language specification, version 1.0},
  author={King, Gavin},
  year={2013},
  publisher={November}
}

@article{chaudhuri2015flow,
  title={Flow: a static type checker for JavaScript},
  author={Chaudhuri, Avik},
  journal={SPLASH-I In Systems, Programming, Languages and Applications: Software for Humanity},
  year={2015}
}

@inproceedings{bierman2014understanding,
  title={Understanding typescript},
  author={Bierman, Gavin and Abadi, Mart{\'\i}n and Torgersen, Mads},
  booktitle={European Conference on Object-Oriented Programming},
  pages={257--281},
  year={2014},
  organization={Springer}
}

@article{cardelli1985understanding,
  title={On understanding types, data abstraction, and polymorphism},
  author={Cardelli, Luca and Wegner, Peter},
  journal={ACM Computing Surveys (CSUR)},
  volume={17},
  number={4},
  pages={471--523},
  year={1985},
  publisher={ACM}
}

@inproceedings{amin2012dependent,
  title={Dependent object types},
  author={Amin, Nada and Moors, Adriaan and Odersky, Martin},
  booktitle={19th International Workshop on Foundations of Object-Oriented Languages},
  number={CONF},
  year={2012}
}

@inproceedings{rompf2016type,
author = {Rompf, Tiark and Amin, Nada},
title = {Type Soundness for Dependent Object Types (DOT)},
year = {2016},
booktitle = {Proceedings of the 2016 ACM SIGPLAN International Conference on Object-Oriented Programming, Systems, Languages, and Applications},
series = {OOPSLA 2016}
}

@article{barras1997coq,
  title={The Coq proof assistant reference manual: Version 6.1},
  author={Barras, Bruno and Boutin, Samuel and Cornes, Cristina and Courant, Judicael and Filliatre, Jean-Christophe and Gimenez, Eduardo and Herbelin, Hugo and Huet, Gerard and Munoz, Cesar and Murthy, Chetan and others},
  year={1997}
}

@article{steffen1994higher,
  title={Higher-order subtyping},
  author={Steffen, Martin and Pierce, Benjamin},
  year={1994},
  publisher={Citeseer}
}

@inproceedings{abel2008syntactic,
  title={Syntactic metatheory of higher-order subtyping},
  author={Abel, Andreas and Rodriguez, Dulma},
  booktitle={International Workshop on Computer Science Logic},
  pages={446--460},
  year={2008},
  organization={Springer}
}

@incollection{barwise1981generalized,
  title={Generalized quantifiers and natural language},
  author={Barwise, Jon and Cooper, Robin},
  booktitle={Philosophy, language, and artificial intelligence},
  pages={241--301},
  year={1981},
  publisher={Springer}
}

@book{riehl2017category,
  title={Category theory in context},
  author={Riehl, Emily},
  year={2017},
  publisher={Courier Dover Publications}
}

@article{uustalu2008comonadic,
  title={Comonadic notions of computation},
  author={Uustalu, Tarmo and Vene, Varmo},
  journal={Electronic Notes in Theoretical Computer Science},
  volume={203},
  number={5},
  pages={263--284},
  year={2008},
  publisher={Elsevier}
}

@article{chargueraud-11-ln,
  author = "Arthur Chargu{\'e}raud",
  title = "The Locally Nameless Representation",
  journal = "Journal of Automated Reasoning",
  publisher = "Springer Netherlands",
  year = "2011"
}

@InProceedings{dunfield2013complete,
    author =    {Joshua Dunfield and Neelakantan R. Krishnaswami},
    title =     {Complete and Easy Bidirectional Typechecking for Higher-Rank Polymorphism},
    booktitle = {ICFP},
    year =      {2013},
  }

@inproceedings{bi2019distributive,
  title={Distributive Disjoint Polymorphism for Compositional Programming},
  author={Bi, Xuan and Xie, Ningning and Oliveira, Bruno C. d. S. and Schrijvers, Tom},
  booktitle={European Symposium on Programming},
  pages={381--409},
  year={2019},
  organization={Springer}
}

@article{local,
author = {Pierce, Benjamin C. and Turner, David N.},
title = {Local Type Inference},
year = {2000},
issue_date = {January 2000},
publisher = {Association for Computing Machinery},
volume = {22},
number = {1},
journal = {ACM Trans. Program. Lang. Syst.}
}

@InProceedings{igarashi:2002:variance,
  Address =	 {Malaga, Spain},
  Author =	 {Atsushi Igarashi and Mirko Viroli},
  Booktitle =	 "ecoop",
  Month =	 jun,
  Note =	 {To appear in {ACM Transactions on Programming
                  Languages and Systems}.},
  Pages =	 {441--469},
  Publisher =	 "sv",
  Title =	 {On Variance-Based Subtyping for Parametric Types},
  Year =	 2002
}

@article{dosen1989,
author = "Do≈°en, Kosta",
doi = "10.1305/ndjfl/1093635154",
fjournal = "Notre Dame Journal of Formal Logic",
journal = "Notre Dame J. Formal Logic",
month = "06",
number = "3",
pages = "362--381",
publisher = "Duke University Press",
title = "Logical constants as punctuation marks.",
volume = "30",
year = "1989"
}


@ARTICLE{gentzen:untersuchungen,
	AUTHOR = {Gerhard Gentzen},
	TITLE = {Untersuchungen {{\"u}ber} das logische {Schliessen}},
	JOURNAL = {Mathematische Zeitschrift},
	PAGES = {176--210, 405--431},
	VOLUME = {39},
	YEAR = {1934}
}

@inproceedings{Prawitz1979ProofsAT,
  title={Proofs and the Meaning and Completeness of the Logical Constants},
  author={Dag Prawitz},
  booktitle={Essays on Mathematical and Philosophical Logic.
  Synthese Library (Studies in Epistemology, Logic, Methodology, and Philosophy of Science)},
  year={1979}
}

@article{DaFi1992,
   year = {1992},
   title = {Representing Control: A Study of the {CPS} transformation},
   author = {Oliver Danvy and Andrzej Filinski},
   journal = {Mathematical Structures in Computer Science},
   volume = {2},
   number = {4},
   pages = {361-391},
   month = {December},
   format = {ps},
}

@book{BirddeMoor96:Algebra,
  title = "The Algebra of Programming",
  author = "Richard Bird and Oege de Moor",
  year = "1996",
  isbn = "013507245X",
  publisher = "Prentice-Hall",
  url = "http://www.cs.ox.ac.uk/publications/books/algebra/",
}

@article{barendregt1983filter,
  title={A filter lambda model and the completeness of type assignment 1},
  author={Barendregt, Henk and Coppo, Mario and Dezani-Ciancaglini, Mariangiola},
  journal={The journal of symbolic logic},
  volume={48},
  number={4},
  pages={931--940},
  year={1983},
  publisher={Cambridge University Press}
}

@article{bessai2015typing,
  title={Typing classes and mixins with intersection types},
  author={Bessai, Jan and D{\"u}dder, Boris and Dudenhefner, Andrej and Chen, Tzu-Chun and de'Liguoro, Ugo},
  journal={arXiv preprint arXiv:1503.04911},
  year={2015}
}

@article{zappa2018julia,
  title={Julia subtyping: a rational reconstruction},
  author={Zappa Nardelli, Francesco and Belyakova, Julia and Pelenitsyn, Artem and Chung, Benjamin and Bezanson, Jeff and Vitek, Jan},
  journal={Proceedings of the ACM on Programming Languages},
  volume={2},
  number={OOPSLA},
  pages={113},
  year={2018},
  publisher={ACM}
}







@inproceedings{van1993checking,
  title={Checking algorithms for pure type systems},
  author={van Benthem Jutting, LS and McKinna, James and Pollack, Robert},
  booktitle={International Workshop on Types for Proofs and Programs},
  pages={19--61},
  year={1993},
  organization={Springer}
}

@inproceedings{mckinna1993pure,
  title={Pure type systems formalized},
  author={McKinna, James and Pollack, Robert},
  booktitle={International Conference on Typed Lambda Calculi and Applications},
  pages={289--305},
  year={1993},
  organization={Springer}
}

@article{adams2006pure,
  title={Pure type systems with judgemental equality},
  author={Adams, Robin},
  journal={Journal of Functional Programming},
  volume={16},
  number={2},
  pages={219--246},
  year={2006},
  publisher={Cambridge University Press}
}

@article{jutting1993typing,
  title={Typing in pure type systems},
  author={Jutting, LSV},
  journal={Information and Computation},
  volume={105},
  number={1},
  pages={30--41},
  year={1993},
  publisher={Academic Press}
}

@inproceedings{severi1994pure,
  title={Pure type systems with definitions},
  author={Severi, Paula and Poll, Erik},
  booktitle={International Symposium on Logical Foundations of Computer Science},
  pages={316--328},
  year={1994},
  organization={Springer}
}

@inproceedings{zwanenburg1999pure,
  title={Pure type systems with subtyping},
  author={Zwanenburg, Jan},
  booktitle={International Conference on Typed Lambda Calculi and Applications},
  pages={381--396},
  year={1999},
  organization={Springer}
}

@article{hutchins2010pure,
author = {Hutchins, DeLesley S.},
title = {Pure Subtype Systems},
year = {2010},
booktitle = {Proceedings of the 37th Annual ACM SIGPLAN-SIGACT Symposium on Principles of Programming Languages},
series = {POPL 2010}
}

@article{dunfield2019bidirectional,
  title={Bidirectional Typing},
  author={Dunfield, Joshua and Krishnaswami, Neel},
  journal={arXiv preprint arXiv:1908.05839},
  year={2019}
}

@article{yang2017unifying,
  title={Unifying typing and subtyping},
  author={Yang, Yanpeng and Oliveira, Bruno C. d. S.},
  journal={Proceedings of the ACM on Programming Languages},
  volume={1},
  number={OOPSLA},
  pages={47},
  year={2017},
  publisher={ACM}
}

@inproceedings{amin2017type,
author = {Amin, Nada and Rompf, Tiark},
title = {Type Soundness Proofs with Definitional Interpreters},
year = {2017},
booktitle = {Proceedings of the 44th ACM SIGPLAN Symposium on Principles of Programming Languages},
numpages = {14},
series = {POPL 2017}
}


@inproceedings{canning1989f,
  title={F-bounded polymorphism for object-oriented programming},
  author={Canning, Peter and Cook, William and Hill, Walter and Olthoff, Walter and Mitchell, John C},
  booktitle={FPCA},
  volume={89},
  pages={273--280},
  year={1989}
}

@article{barbanera1995intersection,
  title={Intersection and union types: syntax and semantics},
  author={Barbanera, Franco and Dezaniciancaglini, Mariangiola and Deliguoro, Ugo},
  journal={Information and Computation},
  volume={119},
  number={2},
  pages={202--230},
  year={1995},
  publisher={Elsevier}
}

@article{dunfield2014elaborating,
  title={Elaborating intersection and union types},
  author={Dunfield, Joshua},
  journal={Journal of Functional Programming},
  volume={24},
  number={2-3},
  pages={133--165},
  year={2014},
  publisher={Cambridge University Press}
}

@article{muehlboeck2018empowering,
  title={Empowering union and intersection types with integrated subtyping},
  author={Muehlboeck, Fabian and Tate, Ross},
  journal={Proceedings of the ACM on Programming Languages},
  volume={2},
  number={OOPSLA},
  pages={112},
  year={2018},
  publisher={ACM}
}

@inproceedings{oliveira2016disjoint,
author = {Oliveira, Bruno C. d. S. and Shi, Zhiyuan and Alpuim, Jo\~{a}o},
title = {Disjoint Intersection Types},
year = {2016},
booktitle = {Proceedings of the 21st ACM SIGPLAN International Conference on Functional Programming},
series = {ICFP 2016}
}

@article{pierce2002programming,
  title={Programming with intersection types, union types, and polymorphism},
  author={Pierce, Benjamin C},
  year={2002},
  publisher={figshare}
}

@article{reynolds1988preliminary,
  title={Preliminary design of the programming language Forsythe},
  author={Reynolds, John C},
  year={1988}
}

@inproceedings{xie2018consistent,
  title={Consistent Subtyping for All},
  author={Xie, Ningning and Bi, Xuan and Oliveira, Bruno C. d. S.},
  booktitle={European Symposium on Programming},
  pages={3--30},
  year={2018},
  organization={Springer}
}

@inproceedings{aiken1995dynamic,
  title={Dynamic typing and subtype inference},
  author={Aiken, Alexander and Fahndrich, Manuel},
  booktitle={FPCA},
  pages={182--191},
  year={1995},
  organization={Citeseer}
}

@techreport{cheney2003first,
  title={First-class phantom types},
  author={Cheney, James and Hinze, Ralf},
  year={2003},
  institution={Cornell University}
}

@article{howard1980formulae,
  title={The formulae-as-types notion of construction},
  author={Howard, William A},
  journal={To HB Curry: essays on combinatory logic, lambda calculus and formalism},
  volume={44},
  pages={479--490},
  year={1980}
}

@article{martin1984constructive,
  title={Constructive mathematics and computer programming},
  author={Martin-Lof, Per},
  journal={Philosophical Transactions of the Royal Society of London. Series A, Mathematical and Physical Sciences},
  volume={312},
  number={1522},
  pages={501--518},
  year={1984},
  publisher={The Royal Society London}
}

@book{girard1989proofs,
  title={Proofs and types},
  author={Girard, Jean-Yves and Taylor, Paul and Lafont, Yves},
  volume={7},
  year={1989},
  publisher={Cambridge university press Cambridge}
}

@inproceedings{bernardi2014duality,
  title={On duality relations for session types},
  author={Bernardi, Giovanni and Dardha, Ornela and Gay, Simon J and Kouzapas, Dimitrios},
  booktitle={International Symposium on Trustworthy Global Computing},
  pages={51--66},
  year={2014},
  organization={Springer}
}

@inproceedings{ostermann2018dualizing,
  title={Dualizing Generalized Algebraic Data Types by Matrix Transposition},
  author={Ostermann, Klaus and Jabs, Julian},
  booktitle={European Symposium on Programming},
  pages={60--85},
  year={2018},
  organization={Springer}
}

@article{binder2019decomposition,
  title={Decomposition diversity with symmetric data and codata},
  author={Binder, David and Jabs, Julian and Skupin, Ingo and Ostermann, Klaus},
  journal={Proceedings of the ACM on Programming Languages},
  volume={4},
  number={POPL},
  pages={30},
  year={2019},
  publisher={ACM}
}

@article{nanevski2008contextual,
  title={Contextual modal type theory},
  author={Nanevski, Aleksandar and Pfenning, Frank and Pientka, Brigitte},
  journal={ACM Transactions on Computational Logic (TOCL)},
  volume={9},
  number={3},
  pages={23},
  year={2008},
  publisher={ACM}
}

@article{simpson1994proof,
  title={The proof theory and semantics of intuitionistic modal logic},
  author={Simpson, Alex K},
  year={1994},
  publisher={University of Edinburgh. College of Science and Engineering. School of~‚Ä¶}
}

@article{cardelli1994extension,
  title={An extension of system F with subtyping},
  author={Cardelli, Luca and Martini, Simone and Mitchell, John C and Scedrov, Andre},
  journal={Information and Computation},
  volume={109},
  number={1-2},
  pages={4--56},
  year={1994},
  publisher={Elsevier}
}


