@inproceedings{oliveira2016disjoint,
  title={Disjoint intersection types},
  author={Oliveira, Bruno C d S and Shi, Zhiyuan and Alpuim, Joao},
  booktitle={Proceedings of the 21st ACM SIGPLAN International Conference on Functional Programming},
  pages={364--377},
  year={2016}
}

@inproceedings{macqueen1984ideal,
  title={An ideal model for recursive polymorphic types},
  author={MacQueen, David and Plotkin, Gordon and Sethi, Ravi},
  booktitle={Proceedings of the 11th ACM SIGACT-SIGPLAN symposium on Principles of programming languages},
  pages={165--174},
  year={1984}
}

@techreport{pierce1991programming,
  title={Programming with intersection types, union types},
  author={Pierce, Benjamin C},
  year={1991},
  institution={and polymorphism. Technical Report CMU-CS-91-106, Carnegie Mellon University}
}

@article{barbanera1995intersection,
  title={Intersection and union types: syntax and semantics},
  author={Barbanera, Franco and Dezaniciancaglini, Mariangiola and Deliguoro, Ugo},
  journal={Information and Computation},
  volume={119},
  number={2},
  pages={202--230},
  year={1995},
  publisher={Elsevier}
}

@article{muehlboeck2018empowering,
  title={Empowering union and intersection types with integrated subtyping},
  author={Muehlboeck, Fabian and Tate, Ross},
  journal={Proceedings of the ACM on Programming Languages},
  volume={2},
  number={OOPSLA},
  pages={1--29},
  year={2018},
  publisher={ACM New York, NY, USA}
}

@inproceedings{freeman1991refinement,
  title={Refinement types for ML},
  author={Freeman, Tim and Pfenning, Frank},
  booktitle={Proceedings of the ACM SIGPLAN 1991 conference on Programming language design and implementation},
  pages={268--277},
  year={1991}
}
